@article{Siddiqi1999,
	year={1999},
	issn={0920-5691},
	journal={International Journal of Computer Vision},
	volume={35},
	number={1},
	doi={10.1023/A:1008102926703},
	title={Shock Graphs and Shape Matching},
	url={http://www.cs.toronto.edu/~sven/Papers/ijcv99.pdf},
	publisher={Kluwer Academic Publishers},
	keywords={shape representation; shape matching; shock graph; shock graph grammar; subgraph isomorphism},
	author={Siddiqi, Kaleem and Shokoufandeh, Ali and Dickinson, SvenJ. and Zucker, StevenW.},
	pages={13-32},
	language={English}
}

@inproceedings{Macrini2002,
  	title={View-based 3-d object recognition using shock graphs},
 	 author={Macrini, Diego and Shokoufandeh, Ali and Dickinson, Sven and Siddiqi, Kaleem and Zucker, Steven},
  	booktitle={Pattern Recognition, 2002. Proceedings. 16th International Conference on},
  	volume={3},
  	pages={24--28},
 	 year={2002},
  	organization={IEEE},
  	url={http://www.cs.toronto.edu/~sven/Papers/icpr2002.pdf}
}