@inproceedings{Bruneau2014,
	title={A methodology of reverse engineering for large assemblies products from heterogeneous data},
	author={Bruneau, M. and Durupt, A. and Roucoules, L. and Pernot, J.-P. and Rowson, H.},
	booktitle={TMCE},
	year={2014},
	organization={ISBN 978-94-6186-177-1},
	url={https://www.researchgate.net/profile/Marina_Bruneau/publication/271965282_a_methodology_of_reverse_engineering_for_large_assemblies_products_from_heterogeneous_data/links/54d7b4cb0cf25013d03b3e3c.pdf}
}