@inproceedings{Macrini2002,
  	title={View-based 3-d object recognition using shock graphs},
 	 author={Macrini, Diego and Shokoufandeh, Ali and Dickinson, Sven and Siddiqi, Kaleem and Zucker, Steven},
  	booktitle={Pattern Recognition, 2002. Proceedings. 16th International Conference on},
  	volume={3},
  	pages={24--28},
 	 year={2002},
  	organization={IEEE},
  	url={http://www.cs.toronto.edu/~sven/Papers/icpr2002.pdf}
}