@inproceedings{shapeMatchingImg,
  TITLE = {{Shape Matching Based on Diffusion Embedding and on Mutual Isometric Consistency}},
  AUTHOR = {Sharma, Avinash and Horaud, Radu},
  URL = {https://hal.inria.fr/inria-00549406},
  BOOKTITLE = {{NORDIA 2010 - Workshop on Nonrigid Shape Analysis and Deformable Image Alignment}},
  ADDRESS = {San Francisco, United States},
  PUBLISHER = {{IEEE}},
  PAGES = {29-36},
  YEAR = {2010},
  MONTH = Jun,
  DOI = {10.1109/CVPRW.2010.5543278},
  PDF = {https://hal.inria.fr/inria-00549406/file/SharmaHoraud2010.pdf},
  HAL_ID = {inria-00549406},
  HAL_VERSION = {v1},
}